@book{HMU,
   author = {{J.E.} Hopcroft and R. Motwani and {J.D.} Ullman},
   title={Introduction to Automata Theory, Languages, and Computation},
   year={2001},
   publisher = {Addison Wesley - Pearson},
}

@book{Minsky67,
   author = {{M.L.} Minsky},
   title={Computation: finite and infinite machines},
   year={1967},
   publisher = {Prentice Hall},
}

@book{Arbib69,
   author = {{M.A.} Arbib},
   title={Theories of abstract automata},
   year={1969},
   publisher = {Prentice Hall},
}

@book{Shannon56b,
   author = {{C.E.} Shannon and J. McCarthy},
   title={Automata studies},
   year={1956},
   publisher = {Princeton University Press},
}

@article{Soare96,
  author    = {{R. I.} Soare},
  title     = {Computability and recursion},
  journal   = {Bulletin of Symbolic Logic},
  volume    = {2},
  number    = {3},
  year      = {1996},
  pages     = {284-321},
  ee        = {http://www.math.ucla.edu/$\sim$asl/bsl/0203/0203-002.ps},
}
