
@Article{ex1,
   author =   "Author, Ivan Marc",
   title =   "Some Related Article {I} Wrote", 
   journal =   "Some Fine Journal",
   month = "January",
   number = "7",
   year =   "1999",
   volume =   "99",
   pages =   "1-100",
}

@inproceedings{PaganiR10,
  author    = {Pagani, Michele and
               Ronchi Della Rocca, Simona },
  title     = {Solvability in Resource Lambda-Calculus},
  booktitle = {Proc.\ of FOSSACS'10},
  series    = {LNCS},
  publisher = {Springer},
  volume    = {6014},
  year      = {2010},
  pages     = {358-373},
}

@misc{PaganiR11,
  author    = {Pagani, Michele and
               Ronchi Della Rocca, Simona },
  title     = {Linearity, Non-determinism and Solvability},
  note      = {Submitted},
}


@inproceedings{CarraroES10a,
  author    = {Alberto Carraro and
               Thomas Ehrhard and
               Antonino Salibra},
  title     = {Resource Combinatory Algebras},
  booktitle = {Proc.\ of MFCS'10},
  publisher = {Springer},
  series    = {LNCS},
  volume    = {6281},
  pages     = {233-245},
  year      = {2010},
}

@inproceedings{CarraroES10b,
  author    = {Alberto Carraro and
               Thomas Ehrhard and
               Antonino Salibra},
  title     = {Exponentials with Infinite Multiplicities},
  booktitle = {Proc.\ of CSL'10},
  publisher = {Springer},
  series    = {LNCS},
  volume    = {6247},
  pages     = {170-184},
  year      = {2010},
}

@Book{Bare,
  author    = {H. P. Barendregt},
  title     = {The Lambda Calculus: Its Syntax and Semantics},
  booktitle = {The Lambda Calculus: Its Syntax and Semantics},
  year      = {1984},
  publisher = {North-Holland},
  address   = {Amsterdam},
}

@inproceedings{PaganiT09,
  author    = {Michele Pagani and
               Paolo Tranquilli},
  title     = {Parallel Reduction in Resource Lambda-Calculus},
  booktitle = {APLAS'09},
  year      = {2009},
  publisher = {Springer},
  series    = {LNCS},
  volume    = {5904},
  pages     = {226-242},
}

@article{BoudolCL99,
  author    = {G{\'e}rard Boudol and
               Pierre-Louis Curien and
               Carolina Lavatelli},
  title     = {A semantics for lambda calculi with resources},
  journal   = {Math. Struct. in Comp. Sci.},
  volume    = {9},
  number    = {4},
  year      = {1999},
  pages     = {437-482},
}

@article{Vaux07,
  author    = {Lionel Vaux},
  title     = {The differential $\lambda\mu$-calculus},
  journal   = {Theor. Comput. Sci.},
  volume    = {379},
  number    = {1-2},
  year      = {2007},
  pages     = {166-209},
}

@article{Manzonetto10,
  author    = {Giulio Manzonetto},
  title     = {What is a Categorical Model of the Differential and the Resource Lambda Calculi?},
  note      = {Submitted to Mathematical Structures in Computer Science},
  month     = {June},
  year      = {2010},
}

@article{EhrhardR03,
  author    = {Thomas Ehrhard and
               Laurent Regnier},
  title     = {The differential lambda-calculus},
  journal   = {Theor. Comput. Sci.},
  volume    = {309},
  number    = {1-3},
  pages     = {1-41},
  year      = {2003},
}

@inproceedings{EhrhardR06,
  author    = {Thomas Ehrhard and
               Laurent Regnier},
  title     = {B{\"o}hm Trees, {K}rivine's Machine and the {T}aylor Expansion
               of Lambda-Terms},
  booktitle = {CiE},
  publisher = {Springer},
  series    = {LNCS},
  volume    = {3988},
  pages     = {186-197},
  year      = {2006},
}

@inproceedings{BucciarelliEM07,
  author    = {Antonio Bucciarelli and
               Thomas Ehrhard and
               Giulio Manzonetto},
  title     = {Not Enough Points Is Enough},
  booktitle = {CSL'07},
  publisher = {Springer},
  series    = {LNCS},
  volume    = {4646},
  pages     = {298-312},
  year      = {2007},
}

@inproceedings{BucciarelliEM09,
  author    = {Antonio Bucciarelli and
               Thomas Ehrhard and
               Giulio Manzonetto},
  title     = {A Relational Model of a Parallel and Non-deterministic $\lambda$-Calculus},
  booktitle = {LFCS'09},
  pages     = {107-121},
  series    = {LNCS},
  volume    = {5407},
  year      = {2009},
}

@inproceedings{BoudolL96,
  author    = {G{\'e}rard Boudol and
               Carolina Lavatelli},
  title     = {Full Abstraction for Lambda Calculus with Resources and Convergence Testing},
  booktitle = {Trees in Algebra and Programming - CAAP'96},
  publisher = {Springer},
  series    = {LNCS},
  pages     = {302-316},
  volume    = {1059},
  year      = {1996},

}
